@article{kim2017smartphone,
    title={A smartphone-based automatic measurement method for colorimetric pH detection using a color adaptation algorithm},
    author={Kim, Sung Deuk and Koo, Youngmi and Yun, Yeoheung},
    journal={Sensors},
    volume={17},
    number={7},
    pages={1604},
    year={2017},
    publisher={Multidisciplinary Digital Publishing Institute}
}
@article{igoe2013characterization,
    title={Characterization of a smartphone camera's response to ultraviolet A radiation},
    author={Igoe, Damien and Parisi, Alfio and Carter, Brad},
    journal={Photochemistry and photobiology},
    volume={89},
    number={1},
    pages={215--218},
    year={2013},
    publisher={Wiley Online Library}
}
@article{igoe2018atmospheric,
    title={Atmospheric total ozone column evaluation with a smartphone image sensor},
    author={Igoe, Damien P and Parisi, Alfio V and Amar, Abdurazaq and Downs, Nathan J and Turner, Joanna},
    journal={International Journal of Remote Sensing},
    volume={39},
    number={9},
    pages={2766--2783},
    year={2018},
    publisher={Taylor \& Francis}
}
@article{wilkes2017low,
    title={A low-cost smartphone sensor-based UV camera for volcanic SO2 emission measurements},
    author={Wilkes, Thomas Charles and Pering, Tom David and McGonigle, Andrew John Samuel and Tamburello, Giancarlo and Willmott, Jon Raffe},
    journal={Remote Sensing},
    volume={9},
    number={1},
    pages={27},
    year={2017},
    publisher={Multidisciplinary Digital Publishing Institute}
}
@inproceedings{minoi2016mobile,
    title={Mobile vision-based automatic counting of bacteria colonies},
    author={Minoi, Jacey-Lynn and Chiang, Tin Tze and Lim, Terrin and Yusoff, Zaharin and Karim, Abdul Hafiz Abdul and Zulharnain, Azham},
    booktitle={2016 International Conference on Information and Communication Technology (ICICTM)},
    pages={41--46},
    year={2016},
    organization={IEEE}
}