@book{hersent_ip_2000,
	address = {Harlow},
	title = {{IP} telephony: packet-based multimedia communications systems},
	isbn = {9780201619102},
	shorttitle = {{IP} telephony},
	language = {eng},
	publisher = {Addison-Wesley},
	author = {Hersent, Olivier and Gurle, David and Petit, Jean-Pierre},
	year = {2000},
	note = {OCLC: 833607085}
}
@misc{rfc2543,
series =	{Request for Comments},
number =	2543,
howpublished =	{RFC 2543},
publisher =	{RFC Editor},
doi =		{10.17487/RFC2543},
url =		{https://rfc-editor.org/rfc/rfc2543.txt},
author =	{Henning Schulzrinne and Eve Schooler and Jonathan Rosenberg and Mark J. Handley},
title =		{{SIP: Session Initiation Protocol}},
pagetotal =	151,
year =		1999,
month =		mar,
abstract =	{The Session Initiation Protocol (SIP) is an application-layer control (signaling) protocol for creating, modifying and terminating sessions with one or more participants. {[}STANDARDS-TRACK{]}},
}
@misc{rfc2327,
series =	{Request for Comments},
number =	2327,
howpublished =	{RFC 2327},
publisher =	{RFC Editor},
doi =		{10.17487/RFC2327},
url =		{https://rfc-editor.org/rfc/rfc2327.txt},
author =	{Mark J. Handley and Van Jacobson},
title =		{{SDP: Session Description Protocol}},
pagetotal =	42,
year =		1998,
month =		apr,
day =		1,
abstract =	{This document defines the Session Description Protocol, SDP. SDP is intended for describing multimedia sessions for the purposes of session announcement, session invitation, and other forms of multimedia session initiation. {[}STANDARDS-TRACK{]}},
}
@misc{rfc1889,
series =	{Request for Comments},
number =	1889,
howpublished =	{RFC 1889},
publisher =	{RFC Editor},
doi =		{10.17487/RFC1889},
url =		{https://rfc-editor.org/rfc/rfc1889.txt},
author =	{Ron Frederick and Stephen L. Casner and Van Jacobson and Henning Schulzrinne},
title =		{{RTP: A Transport Protocol for Real-Time Applications}},
pagetotal =	75,
year =		1996,
month =		jan,
abstract =	{This memorandum describes RTP, the real-time transport protocol. RTP provides end-to-end network transport functions suitable for applications transmitting real-time data, such as audio, video or simulation data, over multicast or unicast network services. {[}STANDARDS-TRACK{]}},
}
@misc{rfc2326,
series =	{Request for Comments},
number =	2326,
howpublished =	{RFC 2326},
publisher =	{RFC Editor},
doi =		{10.17487/RFC2326},
url =		{https://rfc-editor.org/rfc/rfc2326.txt},
author =	{Anup Rao and Rob Lanphier and Henning Schulzrinne},
title =		{{Real Time Streaming Protocol (RTSP)}},
pagetotal =	92,
year =		1998,
month =		apr,
day =		1,
abstract =	{The Real Time Streaming Protocol, or RTSP, is an application-level protocol for control over the delivery of data with real-time properties. RTSP provides an extensible framework to enable controlled, on-demand delivery of real-time data, such as audio and video. {[}STANDARDS-TRACK{]}},
}
@article{goode2002voice,
	title={Voice over internet protocol (VoIP)},
	author={Goode, Bur},
	journal={Proceedings of the IEEE},
	volume={90},
	number={9},
	pages={1495--1517},
	year={2002},
	publisher={IEEE}
}
@misc{pershan2005methods,
	title={Methods and apparatus for transferring from a PSTN to a VOIP telephone network},
	author={Pershan, Barry Paul},
	year={2005},
	month=mar # "~8",
	publisher={Google Patents},
	note={US Patent 6,865,266}
}